\bibliography{Referências Bibliográficas}
\label{Bibliografia}

@book{russell1995artificial,
  title={Artificial intelligence: a modern approach},
  author={Russell, Stuart Jonathan and Norvig, Peter and Canny, John F and Malik, Jitendra M and Edwards, Douglas D},
  volume={74},
  year={1995},
  publisher={Prentice hall Englewood Cliffs}
}

@book{geffner2013concise,
  title={A Concise Introduction to Models and Methods for Automated Planning},
  author={Geffner, Hector and Bonet, Blai},
  journal={Synthesis Lectures on Artificial Intelligence and Machine Learning},
  volume={8},
  number={1},
  pages={1--141},
  year={2013},
  publisher={Morgan \& Claypool Publishers}
}