\bibliography{Referências Bibliográficas}
\label{Bibliografia}

@book{russell1995artificial,
  title={Artificial intelligence: a modern approach},
  author={Russell, Stuart Jonathan and Norvig, Peter and Canny, John F and Malik, Jitendra M and Edwards, Douglas D},
  volume={74},
  year={1995},
  publisher={Prentice hall Englewood Cliffs}
}

@INPROCEEDINGS{Bonet03labeledrtdp,
    author = {Blai Bonet},
    title = {Labeled RTDP: Improving the convergence of real-time dynamic programming},
    booktitle = {In Proc. ICAPS-03},
    year = {2003},
    pages = {12--21},
    publisher = {AAAI Press}
}


@article{ilao,
  author	= {Eric A. Hansen and Shlomo Zilberstein},
  title		= {{LAO}*: A Heuristic Search Algorithm that Finds Solutions with Loops},
  journal	= {Artificial Intelligence},
  volume	= {129},
  number	= {1-2},
  year		= {2001},
  pages		= {35-62},
  url		= {http://rbr.cs.umass.edu/shlomo/papers/HZaij01b.html}
}


@Book{Bellman57,
  author =       "Bellman, Richard",
  title =        "Dynamic Programming",
  publisher =    "Princeton University Press",
  year =         "1957",
  address =   "Princeton, NJ, USA",
  edition =   "1"
}


@article{barto95,
    author = {Andrew G. Barto and Steven J. Bradtke and Satinder P. Singh},
    title = {Learning to act using real-time dynamic programming},
    year = {1995}
}