\bibliography{Referências Bibliográficas}
\label{Bibliografia}

@book{russell1995artificial,
  title={Artificial intelligence: a modern approach},
  author={Russell, Stuart Jonathan and Norvig, Peter and Canny, John F and Malik, Jitendra M and Edwards, Douglas D},
  volume={74},
  year={1995},
  publisher={Prentice hall Englewood Cliffs}
}

@book{geffner2013concise,
  title={A Concise Introduction to Models and Methods for Automated Planning},
  author={Geffner, Hector and Bonet, Blai},
  journal={Synthesis Lectures on Artificial Intelligence and Machine Learning},
  volume={8},
  number={1},
  pages={1--141},
  year={2013},
  publisher={Morgan \& Claypool Publishers}
}

@article{hsp2000,
    author  = "Blai Bonet and Héctor Geffner",
    title   = "Planning as heuristic search",
    year    = "2001",
    journal = "Artificial Intelligence",
    volume  = "129",
    pages   = "5--33"
}

@article{hoffmann2001ff,
  title={The FF planning system: Fast plan generation through heuristic search},
  author={Hoffmann, J{\"o}rg and Nebel, Bernhard},
  journal={arXiv preprint arXiv:1106.0675},
  year={2001}
}

@article{Blum1997281,
title = "Fast planning through planning graph analysis ",
journal = "Artificial Intelligence ",
volume = "90",
number = "1–2",
pages = "281 - 300",
year = "1997",
note = "",
issn = "0004-3702",
doi = "http://dx.doi.org/10.1016/S0004-3702(96)00047-1",
url = "http://www.sciencedirect.com/science/article/pii/S0004370296000471",
author = "Avrim L. Blum and Merrick L. Furst",
keywords = "General purpose planning",
keywords = "\{STRIPS\} planning",
keywords = "Graph algorithms",
keywords = "Planning graph analysis "
}
